@misc{vaswani2023attention,
  title         = {Attention Is All You Need},
  author        = {Ashish Vaswani and Noam Shazeer and Niki Parmar and Jakob Uszkoreit and Llion Jones and Aidan N. Gomez and Lukasz Kaiser and Illia Polosukhin},
  year          = {2023},
  eprint        = {1706.03762},
  archiveprefix = {arXiv},
  primaryclass  = {cs.CL}
}
@misc{jiang2023mistral,
  title         = {Mistral 7B},
  author        = {Albert Q. Jiang and Alexandre Sablayrolles and Arthur Mensch and Chris Bamford and Devendra Singh Chaplot and Diego de las Casas and Florian Bressand and Gianna Lengyel and Guillaume Lample and Lucile Saulnier and Lélio Renard Lavaud and Marie-Anne Lachaux and Pierre Stock and Teven Le Scao and Thibaut Lavril and Thomas Wang and Timothée Lacroix and William El Sayed},
  year          = {2023},
  eprint        = {2310.06825},
  archiveprefix = {arXiv},
  primaryclass  = {cs.CL}
}
@misc{Malaya,
  author       = {Husein, Zolkepli},
  title        = {Malaya, Natural-Language-Toolkit library for bahasa Malaysia, powered by PyTorch},
  year         = {2018},
  publisher    = {GitHub},
  journal      = {GitHub repository},
  howpublished = {\url{https://github.com/huseinzol05/malaya}}
}
@misc{xu2023wizardlm,
  title         = {WizardLM: Empowering Large Language Models to Follow Complex Instructions},
  author        = {Can Xu and Qingfeng Sun and Kai Zheng and Xiubo Geng and Pu Zhao and Jiazhan Feng and Chongyang Tao and Daxin Jiang},
  year          = {2023},
  eprint        = {2304.12244},
  archiveprefix = {arXiv},
  primaryclass  = {cs.CL}
}
@misc{ding2023enhancing,
  title         = {Enhancing Chat Language Models by Scaling High-quality Instructional Conversations},
  author        = {Ning Ding and Yulin Chen and Bokai Xu and Yujia Qin and Zhi Zheng and Shengding Hu and Zhiyuan Liu and Maosong Sun and Bowen Zhou},
  year          = {2023},
  eprint        = {2305.14233},
  archiveprefix = {arXiv},
  primaryclass  = {cs.CL}
}
@misc{talmor2019commonsenseqa,
  title         = {CommonsenseQA: A Question Answering Challenge Targeting Commonsense Knowledge},
  author        = {Alon Talmor and Jonathan Herzig and Nicholas Lourie and Jonathan Berant},
  year          = {2019},
  eprint        = {1811.00937},
  archiveprefix = {arXiv},
  primaryclass  = {cs.CL}
}