
@misc{zolkepli2024large,
  title         = {Large Malaysian Language Model Based on Mistral for Enhanced Local Language Understanding},
  author        = {Husein Zolkepli and Aisyah Razak and Kamarul Adha and Ariff Nazhan},
  year          = {2024},
  eprint        = {2401.13565},
  archiveprefix = {arXiv},
  primaryclass  = {cs.CL}
}
@misc{Malaya,
  author       = {Husein, Zolkepli},
  title        = {Malaya},
  year         = {2018},
  publisher    = {GitHub},
  journal      = {GitHub repository},
  howpublished = {\url{https://github.com/huseinzol05/malaya}}
}
@misc{behnamghader2024llm2veclargelanguagemodels,
  title         = {LLM2Vec: Large Language Models Are Secretly Powerful Text Encoders},
  author        = {Parishad BehnamGhader and Vaibhav Adlakha and Marius Mosbach and Dzmitry Bahdanau and Nicolas Chapados and Siva Reddy},
  year          = {2024},
  eprint        = {2404.05961},
  archiveprefix = {arXiv},
  primaryclass  = {cs.CL},
  url           = {https://arxiv.org/abs/2404.05961}
}