@misc{lyu2023macawllm,
      title={Macaw-LLM: Multi-Modal Language Modeling with Image, Audio, Video, and Text Integration}, 
      author={Chenyang Lyu and Minghao Wu and Longyue Wang and Xinting Huang and Bingshuai Liu and Zefeng Du and Shuming Shi and Zhaopeng Tu},
      year={2023},
      eprint={2306.09093},
      archivePrefix={arXiv},
      primaryClass={cs.CL}
}
@misc{liu2023visual,
      title={Visual Instruction Tuning}, 
      author={Haotian Liu and Chunyuan Li and Qingyang Wu and Yong Jae Lee},
      year={2023},
      eprint={2304.08485},
      archivePrefix={arXiv},
      primaryClass={cs.CV}
}