@misc{zolkepli2024large,
  title         = {Large Malaysian Language Model Based on Mistral for Enhanced Local Language Understanding},
  author        = {Husein Zolkepli and Aisyah Razak and Kamarul Adha and Ariff Nazhan},
  year          = {2024},
  eprint        = {2401.13565},
  archiveprefix = {arXiv},
  primaryclass  = {cs.CL}
}
@misc{balachandran2023tamilllama,
  title         = {Tamil-Llama: A New Tamil Language Model Based on Llama 2},
  author        = {Abhinand Balachandran},
  year          = {2023},
  eprint        = {2311.05845},
  archiveprefix = {arXiv},
  primaryclass  = {cs.CL}
}
@misc{kudugunta2023madlad400,
  title         = {MADLAD-400: A Multilingual And Document-Level Large Audited Dataset},
  author        = {Sneha Kudugunta and Isaac Caswell and Biao Zhang and Xavier Garcia and Christopher A. Choquette-Choo and Katherine Lee and Derrick Xin and Aditya Kusupati and Romi Stella and Ankur Bapna and Orhan Firat},
  year          = {2023},
  eprint        = {2309.04662},
  archiveprefix = {arXiv},
  primaryclass  = {cs.CL}
}
@misc{li2023starcoder,
  title         = {StarCoder: may the source be with you!},
  author        = {Raymond Li and Loubna Ben Allal and Yangtian Zi and Niklas Muennighoff and Denis Kocetkov and Chenghao Mou and Marc Marone and Christopher Akiki and Jia Li and Jenny Chim and Qian Liu and Evgenii Zheltonozhskii and Terry Yue Zhuo and Thomas Wang and Olivier Dehaene and Mishig Davaadorj and Joel Lamy-Poirier and João Monteiro and Oleh Shliazhko and Nicolas Gontier and Nicholas Meade and Armel Zebaze and Ming-Ho Yee and Logesh Kumar Umapathi and Jian Zhu and Benjamin Lipkin and Muhtasham Oblokulov and Zhiruo Wang and Rudra Murthy and Jason Stillerman and Siva Sankalp Patel and Dmitry Abulkhanov and Marco Zocca and Manan Dey and Zhihan Zhang and Nour Fahmy and Urvashi Bhattacharyya and Wenhao Yu and Swayam Singh and Sasha Luccioni and Paulo Villegas and Maxim Kunakov and Fedor Zhdanov and Manuel Romero and Tony Lee and Nadav Timor and Jennifer Ding and Claire Schlesinger and Hailey Schoelkopf and Jan Ebert and Tri Dao and Mayank Mishra and Alex Gu and Jennifer Robinson and Carolyn Jane Anderson and Brendan Dolan-Gavitt and Danish Contractor and Siva Reddy and Daniel Fried and Dzmitry Bahdanau and Yacine Jernite and Carlos Muñoz Ferrandis and Sean Hughes and Thomas Wolf and Arjun Guha and Leandro von Werra and Harm de Vries},
  year          = {2023},
  eprint        = {2305.06161},
  archiveprefix = {arXiv},
  primaryclass  = {cs.CL}
}
@misc{mosaicml2022streaming,
  author       = {The Mosaic ML Team},
  title        = {streaming},
  year         = {2022},
  howpublished = {\url{<https://github.com/mosaicml/streaming/>}}
}
@misc{moritz2018ray,
  title         = {Ray: A Distributed Framework for Emerging AI Applications},
  author        = {Philipp Moritz and Robert Nishihara and Stephanie Wang and Alexey Tumanov and Richard Liaw and Eric Liang and Melih Elibol and Zongheng Yang and William Paul and Michael I. Jordan and Ion Stoica},
  year          = {2018},
  eprint        = {1712.05889},
  archiveprefix = {arXiv},
  primaryclass  = {cs.DC}
}
@misc{jiang2023mistral,
  title         = {Mistral 7B},
  author        = {Albert Q. Jiang and Alexandre Sablayrolles and Arthur Mensch and Chris Bamford and Devendra Singh Chaplot and Diego de las Casas and Florian Bressand and Gianna Lengyel and Guillaume Lample and Lucile Saulnier and Lélio Renard Lavaud and Marie-Anne Lachaux and Pierre Stock and Teven Le Scao and Thibaut Lavril and Thomas Wang and Timothée Lacroix and William El Sayed},
  year          = {2023},
  eprint        = {2310.06825},
  archiveprefix = {arXiv},
  primaryclass  = {cs.CL}
}