
@misc{zolkepli2024large,
  title         = {Large Malaysian Language Model Based on Mistral for Enhanced Local Language Understanding},
  author        = {Husein Zolkepli and Aisyah Razak and Kamarul Adha and Ariff Nazhan},
  year          = {2024},
  eprint        = {2401.13565},
  archiveprefix = {arXiv},
  primaryclass  = {cs.CL}
}
@misc{Malaya,
  author       = {Husein, Zolkepli},
  title        = {Malaya},
  year         = {2018},
  publisher    = {GitHub},
  journal      = {GitHub repository},
  howpublished = {\url{https://github.com/huseinzol05/malaya}}
}
@misc{zolkepli2024mallam,
      title={MaLLaM -- Malaysia Large Language Model}, 
      author={Husein Zolkepli and Aisyah Razak and Kamarul Adha and Ariff Nazhan},
      year={2024},
      eprint={2401.14680},
      archivePrefix={arXiv},
      primaryClass={cs.CL}
}