@misc{bge_embedding,
  title         = {C-Pack: Packaged Resources To Advance General Chinese Embedding},
  author        = {Shitao Xiao and Zheng Liu and Peitian Zhang and Niklas Muennighoff},
  year          = {2023},
  eprint        = {2309.07597},
  archiveprefix = {arXiv},
  primaryclass  = {cs.CL}
}
@misc{zolkepli2024large,
  title         = {Large Malaysian Language Model Based on Mistral for Enhanced Local Language Understanding},
  author        = {Husein Zolkepli and Aisyah Razak and Kamarul Adha and Ariff Nazhan},
  year          = {2024},
  eprint        = {2401.13565},
  archiveprefix = {arXiv},
  primaryclass  = {cs.CL}
}
@misc{johnson2017billionscale,
  title         = {Billion-scale similarity search with GPUs},
  author        = {Jeff Johnson and Matthijs Douze and Hervé Jégou},
  year          = {2017},
  eprint        = {1702.08734},
  archiveprefix = {arXiv},
  primaryclass  = {cs.CV}
}